<?xml version="1.0" encoding="UTF-8"?><collection xmlns="http://www.loc.gov/MARC21/slim"><record><leader>00393nam--2200133-i-4500</leader><controlfield tag="001">000039637</controlfield><controlfield tag="002">20161230</controlfield><controlfield tag="005">20161230201042</controlfield><controlfield tag="008">060222s1000------------r-----000-0-eng-d</controlfield><datafield ind1=" " ind2=" " tag="100"><subfield code="a">Rosser, Barkley J</subfield></datafield><datafield ind1=" " ind2=" " tag="245"><subfield code="a">Rapidly converging iterative methods for solving linear equations</subfield></datafield><datafield ind1=" " ind2=" " tag="260"><subfield code="a">Washington, National Bureau Of Standards, 1953, 6p</subfield></datafield><datafield ind1=" " ind2=" " tag="490"><subfield code="a">Extrans Din Ams Series</subfield></datafield><datafield ind1=" " ind2=" " tag="852"><subfield code="a">18004</subfield></datafield></record></collection>